@BOOK{Beiser:2019mp,
   title = {Concepts of Modern Physics},
   publisher = {McGraw-Hill},
   author = {Arthur Beiser},
   year = {2019},
   edition = {International},
}

@BOOK{Griffiths:2018qp,
   title = {Introduction to Quantum Mechanics},
   publisher = {Cambridge University Press},
   author = {David J. Griffiths},
   year = {2018},
   edition = {3rd},
}

@BOOK{Gasiorowicz:2003qp,
   title = {Concepts of Modern Physics},
   publisher = {Wiley},
   author = {Stephen Gasiorowicz},
   year = {2003},
   edition = {3rd},
}

@ARTICLE{Smith:2021jd,
	author = {Jones, A.~B. and Smith, J.~M.},
	title = {{A}rticle {T}itle},
	journal = {Journal title},
	year = {2021},
	volume = {13},
	pages = {123-456},
	number = {52},
	month = {3},
	publisher = {Publisher},
	doi = {10.1038/s41586-021-03616-x},
}